<record>
 <leader>00309nrm a22001457a 4500</leader>
 <controlfield tag="008">120919s        xxunnn            gneng d</controlfield>
  <datafield tag="245" ind1="0" ind2="0">
  <subfield code="a"> </subfield>
  <subfield code="h">[game]</subfield>
 </datafield>
 <datafield tag="260" ind1="" ind2="">
 <subfield code="a"> :</subfield>
 <subfield code="b"/>
 <subfield code="c"/> 
 </datafield>
  <datafield tag="300" ind1="" ind2="">
  <subfield code="a">1 puzzle (   pieces)</subfield>
  <subfield code="b">cardboard, col. ;</subfield>
  <subfield code="c">__ x __ cm.</subfield>  
  </datafield>
  <datafield tag="521" ind1="" ind2="">
  <subfield code="a">For ages</subfield>
  </datafield>
  <datafield tag="500" ind1="" ind2="">
  <subfield code="a"/>
  </datafield>
  <datafield tag="500" ind1="" ind2="">
  <subfield code="a"/>
  </datafield>
 <datafield tag="650" ind1="" ind2="0">
  <subfield code="a">Children's jigsaw puzzles.</subfield>
  </datafield>
 <datafield tag="650" ind1="" ind2="0">
  <subfield code="a">Puzzles.</subfield>
 </datafield>
 </record>